@article{fernández_2019, 
        title={{IN THE NAME OF THE FATHER: INHERITANCE SYSTEMS AND THE DYNAMICS OF STATE CAPACITY}}, 
        DOI={10.1017/S1365100519000476}, 
        journal={Macroeconomic Dynamics}, 
        publisher={Cambridge University Press},
        author={Roca Fernández, Èric}, 
        year={2019}, 
        pages={1–28}
}

