@unpublished{litina:halshs-03044843,
  TITLE = {{Celestial enlightenment: eclipses, curiosity and economic development among pre-modern ethnic groups}},
  AUTHOR = {Litina, Anastasia and Roca Fern{\'a}ndez, {\`E}ric},
  URL = {https://halshs.archives-ouvertes.fr/halshs-03044843},
  NOTE = {working paper or preprint},
  HAL_LOCAL_REFERENCE = {Working paper AMSE 2020-40},
  YEAR = {2020},
  MONTH = Dec,
  KEYWORDS = {eclipses ; human capital ; development ; curiosity},
  PDF = {https://halshs.archives-ouvertes.fr/halshs-03044843/file/WP%202020%20-%20Nr%2040.pdf},
  HAL_ID = {halshs-03044843},
  HAL_VERSION = {v1}
}
